<record><leader>00000cas a22000007a 4500</leader><controlfield tag="001">21347112</controlfield><controlfield tag="008">900409d18uu1882gauwr ne      0    0eng d</controlfield><datafield ind1=" " ind2=" " tag="010"><subfield code="a">sn 90052192 </subfield></datafield><datafield ind1=" " ind2=" " tag="040"><subfield code="a">NLG</subfield><subfield code="b">eng</subfield><subfield code="c">NLG</subfield><subfield code="d">OCLCQ</subfield></datafield><datafield ind1=" " ind2=" " tag="042"><subfield code="a">msc</subfield></datafield><datafield ind1="0" ind2="4" tag="245"><subfield code="a">The Georgia grange.</subfield></datafield><datafield ind1=" " ind2=" " tag="260"><subfield code="a">Atlanta, Ga. :</subfield><subfield code="b">Georgia Grange Pub. Co.</subfield></datafield><datafield ind1=" " ind2=" " tag="300"><subfield code="a">v.</subfield></datafield><datafield ind1=" " ind2=" " tag="310"><subfield code="a">Weekly,</subfield><subfield code="b">&lt;Jan. 13, 1877-July 13, 1877&gt;</subfield></datafield><datafield ind1=" " ind2=" " tag="321"><subfield code="a">Monthly,</subfield><subfield code="b">&lt;Oct. 1874&gt;</subfield></datafield><datafield ind1=" " ind2=" " tag="588"><subfield code="a">Description based on: Vol. 1, no. 24 (Oct. 1874).</subfield></datafield><datafield ind1=" " ind2=" " tag="752"><subfield code="a">United States</subfield><subfield code="b">Georgia</subfield><subfield code="c">Fulton</subfield><subfield code="d">Atlanta.</subfield></datafield><datafield ind1="0" ind2="4" tag="785"><subfield code="t">Southern cultivator and Dixie farmer</subfield></datafield></record>